@book{Martin_1999,
    author={Martin Fowler and Kent Beck},
    title={Refactoring: Improving the Design of Existing Code},
    year={1999},
    publisher={Addison-Wesley}
}

@book{Martin_2018,
    author={Martin Fowler and Kent Beck},
    title={Refactoring: Improving the Design of Existing Code, Second Edition},
    year={2018},
    publisher={Addison-Wesley}
}

@INPROCEEDINGS{Menshawy_Yousef_2021,
    author={Menshawy, Rana S. and Yousef, Ahmed H. and Salem, Ashraf},
    booktitle={2021 International Mobile, Intelligent, and Ubiquitous Computing Conference (MIUCC)}, 
    title={Code Smells and Detection Techniques: A Survey}, 
    year={2021},
    volume={},
    number={},
    pages={78-83},
    doi={10.1109/MIUCC52538.2021.9447669}}

@INPROCEEDINGS{Nucci_Dario_Palomba_2018,
  author={Di Nucci, Dario and Palomba, Fabio and Tamburri, Damian A. and Serebrenik, Alexander and De Lucia, Andrea},
  booktitle={2018 IEEE 25th International Conference on Software Analysis, Evolution and Reengineering (SANER)}, 
  title={Detecting code smells using machine learning techniques: Are we there yet?}, 
  year={2018},
  volume={},
  number={},
  pages={612-621},
  doi={10.1109/SANER.2018.8330266}}

@misc{Burkacky_Deichmann_Frank_Hepp_Rocha_2021,
  author={Burkacky, Ondrej and Deichmann, Johannes and Frank, Stefan and Hepp, Dominik and Rocha, André},
  title={When code is king: Mastering automotive software excellence},
  url={https://www.mckinsey.com/industries/automotive-and-assembly/our-insights/when-code-is-king-mastering-automotive-software-excellence},  
  journal={McKinsey &amp; Company}, 
  publisher={McKinsey &amp; Company}, 
  year={2021}, 
  month={Feb},
  urldate={2023-11-20},
}


@misc{Peng_Xia_Naseriparsa_Osborne_2023, 
    title={Knowledge graphs: Opportunities and challenges - artificial intelligence review}, 
    url={https://link.springer.com/article/10.1007/s10462-023-10465-9#citeas}, 
    journal={SpringerLink}, 
    publisher={Springer Netherlands}, 
    author={Peng, Ciyuan and Xia, Feng and Naseriparsa, Mehdi and Osborne, Francesco}, 
    year={2023}, 
    month={Apr}
}

@article{AbuHassan_Alshayeb_Mohammad_Ghouti_2020,
    author = {AbuHassan, Amjad and Alshayeb, Mohammad and Ghouti, Lahouari},
    title = {Software smell detection techniques: A systematic literature review},
    journal = {Journal of Software: Evolution and Process},
    volume = {33},
    number = {3},
    pages = {e2320},
    keywords = {antipatterns, code refactoring, code smells, design smells, smell detection, software smells},
    doi = {https://doi.org/10.1002/smr.2320},
    url = {https://onlinelibrary.wiley.com/doi/10.1002/smr.2320},
    note = {e2320 JSME-19-0205.R3},
    year = {2021}
}


@misc{Malhotra_Jain_Kessentini_2023, 
    title={Examining deep learning’s capability to spot code smells: A systematic literature review - cluster computing}, 
    url={https://link.springer.com/article/10.1007/s10586-023-04144-1}, 
    journal={SpringerLink}, publisher={Springer US}, 
    author={Malhotra, Ruchika and Jain, Bhawna and Kessentini, Marouane}, 
    year={2023}, 
    month={Oct}
} 


@InProceedings{Lin_Fu_Chen_Li_2021,
    author="Lin, Tao
    and Fu, Xue
    and Chen, Fu
    and Li, Luqun",
    editor="Chen, Bo
    and Huang, Xinyi",
    title="A Novel Approach for Code Smells Detection Based on Deep Learning",
    booktitle="Applied Cryptography in Computer and Communications",
    year="2021",
    publisher="Springer International Publishing",
    address="Cham",
    pages="171--174",
    abstract="Compared to software bugs, code smells are more significant in software engineering research. It is not easy to detect code smells through traditional methods. In this work, we propose a novel code smells detection approach based on deep learning. The experiments show that our work achieves high scores in terms of F2 score.",
    isbn="978-3-030-80851-8",
    url={https://link.springer.com/chapter/10.1007/978-3-030-80851-8_12}
}


@article{Zhang_Kishi_2023,
  title={Long Method Detection Using Graph Convolutional Networks},
  author={HanYu Zhang and Tomoji Kishi},
  journal={Journal of Information Processing},
  volume={31},
  number={ },
  pages={469-477},
  year={2023},
  doi={10.2197/ipsjjip.31.469}
}


@misc{Alazba_Amal_Aljamaan_Hamoud_Alshayeb_2023, 
    title={Deep learning approaches for bad smell detection: A systematic literature review - empirical software engineering}, 
    url={https://link.springer.com/article/10.1007/s10664-023-10312-z}, 
    journal={SpringerLink}, 
    publisher={Springer US}, 
    author={Alazba, Amal and Aljamaan, Hamoud and Alshayeb, Mohammad}, 
    year={2023}, 
    month={May}
} 

@ARTICLE{Guo_Zhuang_Qin_Zhu_Xie_Xiong_He_2022,
  author={Guo, Qingyu and Zhuang, Fuzhen and Qin, Chuan and Zhu, Hengshu and Xie, Xing and Xiong, Hui and He, Qing},
  journal={IEEE Transactions on Knowledge and Data Engineering}, 
  title={A Survey on Knowledge Graph-Based Recommender Systems}, 
  year={2022},
  volume={34},
  number={8},
  pages={3549-3568},
  doi={10.1109/TKDE.2020.3028705}
}

@inproceedings{Huang_Zhang_Li_Li_2019,
    author = {Huang, Xiao and Zhang, Jingyuan and Li, Dingcheng and Li, Ping},
    title = {Knowledge Graph Embedding Based Question Answering},
    year = {2019},
    isbn = {9781450359405},
    publisher = {Association for Computing Machinery},
    address = {New York, NY, USA},
    url = {https://doi.org/10.1145/3289600.3290956},
    doi = {10.1145/3289600.3290956},
    booktitle = {Proceedings of the Twelfth ACM International Conference on Web Search and Data Mining},
    pages = {105–113},
    numpages = {9},
    keywords = {deep learning, knowledge graph embedding, question answering},
    location = {Melbourne VIC, Australia},
    series = {WSDM '19}
}

@article{
    Chen_Xie_Wang_Li_2021,
    author = {Ao Chen  and Yongchun Xie  and Yong Wang  and Linfeng Li },
    title = {Knowledge Graph-Based Image Recognition Transfer Learning Method for On-Orbit Service Manipulation},
    journal = {Space: Science \&amp; Technology},
    volume = {2021},
    number = {},
    pages = {},
    year = {2021},
    doi = {10.34133/2021/9807452},
    URL = {https://spj.science.org/doi/abs/10.34133/2021/9807452},
    eprint = {https://spj.science.org/doi/pdf/10.34133/2021/9807452},
}

@InProceedings{Smajevic_Hacks_Bork_2021,
    author="Smajevic, Muhamed
    and Hacks, Simon
    and Bork, Dominik",
    editor="Serral, Estefan{\'i}a
    and Stirna, Janis
    and Ralyt{\'e}, Jolita
    and Grabis, J{\={a}}nis",
    title="Using Knowledge Graphs to Detect Enterprise Architecture Smells",
    booktitle="The Practice of Enterprise Modeling",
    year="2021",
    publisher="Springer International Publishing",
    address="Cham",
    pages="48--63",
    isbn="978-3-030-91279-6"
}


@inproceedings{Nayak_Kesri_Dubey_2020,
    author = {Nayak, Anmol and Kesri, Vaibhav and Dubey, Rahul Kumar},
    title = {Knowledge Graph Based Automated Generation of Test Cases in Software Engineering},
    year = {2020},
    isbn = {9781450377386},
    publisher = {Association for Computing Machinery},
    address = {New York, NY, USA},
    url = {https://doi.org/10.1145/3371158.3371202},
    doi = {10.1145/3371158.3371202},
    booktitle = {Proceedings of the 7th ACM IKDD CoDS and 25th COMAD},
    pages = {289–295},
    numpages = {7},
    keywords = {Knowledge Graph (KG), Named Entity Recognition (NER), Constituency Parse Tree (CPT), Requirement to Test Case generation},
    location = {Hyderabad, India},
    series = {CoDS COMAD 2020}
}

@INPROCEEDINGS{Wang_Sun_Wang_Duan_Li_2017,
  author={Wang, Lu and Sun, Xiaobing and Wang, Jingwei and Duan, Yucong and Li, Bin},
  booktitle={2017 IEEE/ACM 39th International Conference on Software Engineering Companion (ICSE-C)}, 
  title={Construct Bug Knowledge Graph for Bug Resolution}, 
  year={2017},
  volume={},
  number={},
  pages={189-191},
  doi={10.1109/ICSE-C.2017.102}
}

@misc{Singhal_2012, 
    title={Introducing the knowledge graph: Things, not strings}, 
    url={https://blog.google/products/search/introducing-knowledge-graph-things-not/}, 
    journal={Google}, 
    publisher={Google}, 
    author={Singhal, Amit}, 
    year={2012}, 
    month={May}
} 


@Inbook{Jerzyk_2023,
    author="Jerzyk, Marcel
    and Madeyski, Lech",
    editor="Kryvinska, Natalia
    and Gregu{\v{s}}, Michal
    and Fedushko, Solomiia",
    title="Code Smells: A Comprehensive Online Catalog and Taxonomy",
    bookTitle="Developments in Information and Knowledge Management Systems for Business Applications: Volume 7",
    year="2023",
    publisher="Springer Nature Switzerland",
    address="Cham",
    pages="543--576",
    isbn="978-3-031-25695-0",
    doi="10.1007/978-3-031-25695-0_24",
    url="https://doi.org/10.1007/978-3-031-25695-0_24"
}

@INPROCEEDINGS{Zhang_2008,
  author={Zhang, Min and Baddoo, Nathan and Wernick, Paul and Hall, Tracy},
  booktitle={2008 32nd Annual IEEE Software Engineering Workshop}, 
  title={Improving the Precision of Fowler's Definitions of Bad Smells}, 
  year={2008},
  volume={},
  number={},
  pages={161-166},
  keywords={Switches;Software metrics;Conferences;Computer science;Programming environments;Reverse engineering;Information systems;Mathematics;Software measurement;Logic programming;Coding tools and technique;programming environments/construction tools;restructuring;reverse engineering;reengineering},
  doi={10.1109/SEW.2008.26}
}

@book{Thain_2021,
    author={Douglas Thain},
    title={Introduction to Compilers and Language Design, 2nd Edition},
    year={2021},
}

@article{Cardelli_1985,
    author = {Cardelli, Luca and Wegner, Peter},
    title = {On understanding types, data abstraction, and polymorphism},
    year = {1985},
    issue_date = {Dec. 1985},
    publisher = {Association for Computing Machinery},
    address = {New York, NY, USA},
    volume = {17},
    number = {4},
    issn = {0360-0300},
    url = {https://doi.org/10.1145/6041.6042},
    doi = {10.1145/6041.6042},
    journal = {ACM Comput. Surv.},
    month = {dec},
    pages = {471–523},
    numpages = {53}
}

@book{Martin_2008,
author = {Martin, Robert C.},
title = {Clean Code: A Handbook of Agile Software Craftsmanship},
year = {2008},
isbn = {0132350882},
publisher = {Prentice Hall PTR},
address = {USA},
edition = {1},
}

@article{
    Mäntylä_Lassenius_2006, 
    title={Subjective evaluation of software evolvability using code smells: An empirical study}, 
    volume={11}, 
    DOI={10.1007/s10664-006-9002-8}, 
    number={3}, 
    journal={Empirical Software Engineering}, 
    publisher={Springer Science and Business Media LLC}, 
    author={Mäntylä, Mika V. and Lassenius, Casper}, 
    year={2006}, 
    month=may, 
    pages={395–431} 
}

@article{Sabir_Palma_Rasool_Guéhéneuc_Moha_2018, 
    title={A systematic literature review on the detection of smells and their evolution in object‐oriented and service‐oriented systems}, 
    volume={49}, 
    DOI={10.1002/spe.2639}, 
    number={1}, 
    journal={Software: Practice and Experience}, 
    publisher={Wiley}, 
    author={Sabir, Fatima and Palma, Francis and Rasool, Ghulam and Guéhéneuc, Yann‐Gaël and Moha, Naouel}, 
    year={2018}, 
    month=oct, 
    pages={3–39} 
}

@book{Toivonen_2010,
    author="Toivonen, Hannu",
    editor="Sammut, Claude
    and Webb, Geoffrey I.",
    title="Encyclopedia of Machine Learning",
    year="2010",
    publisher="Springer US",
    address="Boston, MA",
    isbn="978-0-387-30164-8",
    doi="10.1007/978-0-387-30164-8_317",
    url="https://doi.org/10.1007/978-0-387-30164-8_317"
}

@article{Agrawal_1996,
  title={Fast discovery of association rules.},
  author={Agrawal, Rakesh and Mannila, Heikki and Srikant, Ramakrishnan and Toivonen, Hannu and Verkamo, A Inkeri and others},
  journal={Advances in knowledge discovery and data mining},
  volume={12},
  number={1},
  pages={307--328},
  year={1996},
  publisher={AAAI/MIT Press Menlo Park, CA}
}

@misc{neo4j_cypher_overview,
  author = {Neo4j, Inc.},
  title = {Overview - Cypher Manual},
  year = {2024},
  howpublished = {\url{https://neo4j.com/docs/cypher-manual/current/introduction/cypher_overview/}},
  note = {Accessed: 2024-02-05}
}

@article{Paiva_2017,
  title={On the evaluation of code smells and detection tools},
  author={Paiva, T. and Damasceno, A. and Figueiredo, E. and others},
  journal={Journal of Software Engineering Research and Development},
  volume={5},
  number={7},
  year={2017},
  doi={10.1186/s40411-017-0041-1},
  url={https://jserd.springeropen.com/articles/10.1186/s40411-017-0041-1}
}

@article{Hogan_2021, 
    title={Knowledge Graphs}, 
    volume={54}, 
    DOI={10.1145/3447772}, 
    number={4}, 
    journal={ACM Computing Surveys}, 
    publisher={Association for Computing Machinery (ACM)}, 
    author={Hogan, Aidan and Blomqvist, Eva and Cochez, Michael and D’amato, Claudia and Melo, Gerard De and Gutierrez, Claudio and Kirrane, Sabrina and Gayo, José Emilio Labra and Navigli, Roberto and Neumaier, Sebastian and Ngomo, Axel-Cyrille Ngonga and Polleres, Axel and Rashid, Sabbir M. and Rula, Anisa and Schmelzeisen, Lukas and Sequeda, Juan and Staab, Steffen and Zimmermann, Antoine}, 
    year={2021}, 
    month=jul., 
    pages={1–37} 
}